@Article{Ahking85, 
author = {F.W. Ahking and S.M. Miller},
title = {On the Determination of the Public Debt},
journal = {Journal of Macroeconomics},
volume = {7},
issue = {1},
pages = {447-467},
year = {1985}
}
@techreport{Aizeman07, 
 author = {Aizenman, Joshua and Kletzer, Kenneth and Pinto, Brian},
 title = {Economic Growth with Constraints on Tax Revenues and Public Debt: Implications for Fiscal Policy and Cross-Country Differences},
 institution = {National Bureau of Economic Research},
 type = {Working Paper},
 series = {Working Paper Series},
 number = {12750},
 year = {2007},
 month = {January},
 doi = {10.3386/w12750}
}
@Article{Azzimonti2014, 
	author = {Marina Azzimonti and Eva de Francisco and Vincenzo Quadrini},
	title = {Financial Globalization, Inequality, and the Rising Public Debt},
	journal = {American Economic Review},
	volume = {104},
	issue = {8},
	pages = {2267-2302},
	year = {2014}
} 
@techreport{Baldacci2010,
  author={Emanuele Baldacci and Manmohan S. Kumar},
  title={Fiscal Deficits, Public Debt, and Sovereign Bond Yields},
  institution={International Monetary Fund},
  type={IMF Working Papers},
  url={https://ideas.repec.org/p/imf/imfwpa/2010-184.html},
  number={2010/184},
  year={2010}
}
@Article{Barnhart1988,
  author={Barnhart, Scott W. and Darrat, Ali F.},
  title={Budget Deficits, Money Growth and Causality: Further OECD Evidence},
  journal={Journal of International Money and Finance},
  volume={7},
  number={2},
  pages={231-242},
  month={June},
 year={1988} 
}
@Article{Barro74,
author = {Robert J. Barro},
 title = {Are Government Bonds Net Wealth?},
 journal = {Journal of Political Economy},
 volume = {82},
 number = {6},
 pages = {1095--1117},
 year = {1974}
}
@TechReport{Barro95,
  author={Robert J. Barro},
  title={Inflation and Economic Growth},
  institution={National Bureau of Economic Research},
  type={NBER Working Papers},
  number={5326},
  year={1995}
}
@Article{Battaglini2016,
  author={Marco Battaglini and Stephen Coate},
  title={A Political Economy Theory Of Fiscal Policy And Unemployment},
  journal={Journal of the European Economic Association},
  volume={14},
  number={2},
  pages={303-337},
  year = {2016}
  }
@Article{Catao2005,
title = {Fiscal deficits and inflation},
author = {Catão, Luis and Terrones, Marco},
journal = {Journal of Monetary Economics},
volume = {52},
number = {3},
pages = {529-554},
year = {2005},
}
@TechReport{Cecchetti2015,
  author={Stephen G Cecchetti and Enisse Kharroubi},
  title={Why does financial sector growth crowd out real economic growth?},
  institution={Bank for International Settlements},
  type={BIS Working Papers},
  number={490},
  year={2015}
}
@Article{Chudik2017,
  author={Alexander Chudik and Kamiar Mohaddes and M. Hashem Pesaran and Mehdi Raissi},
  title={Is There a Debt-threshold E§ect on Output Growth?},
  journal={Review of Economics and Statistics},
  volume={99},
  number={1},
  pages={135-150},
  year = {2017}
  }
@article{Corsetti2013,
 author = {Giancarlo Corsetti and Keith Kuester and André Meier and Gernot J. Müller},
 journal = {The Economic Journal},
 number = {566},
 pages = {F99--F132},
 title = {Sovereign Risk, Fiscal Policy, and Macroeconomic Stability},
 urldate = {2022-12-28},
 volume = {123},
 year = {2013}
}
@article{Dwyer82,
	author = {Dwyer Jr., Gerald P.},
	title = {Inflation and Government Deficits},
	journal = {Economic Inquiry},
	volume = {20},
	number = {3},
	pages = {315-329},
	year = {1982}
}
@article{Gale2003,
 author = {William G. Gale and Peter R. Orszag},
 journal = {National Tax Journal},
 number = {3},
 pages = {463--485},
 publisher = {National Tax Association},
 title = {Economic Effects of Sustained Budget Deficits},
 urldate = {2022-12-28},
 volume = {56},
 year = {2003}
}
@article{Haan1990,
author = {J.D. Haan and D. Zellhorst},
title = {The Impact of Government Deficits on Money Growth in Developing Countries},
journal = {Journal of International Money and Finance},
volume = {9},
pages = {455-469},
year =  {1990}
}
@article{Hamburger1981,
author = {M.J. Hamburger and B. Zwick},
title = {Defiicits, Money, and Inflation},
journal = {Journal of Monetary Economics},
volume = {7},
pages = {141-150},
year =  {1981}
}
@article{Heimberger2022,
	author = {Heimberger, Philipp},
	title = {Do Higher Public Debt Levels Reduce Economic Growth?},
	journal = {Journal of Economic Surveys},
	volume = {36},
	number = {4},
	pages = {1-29},
	year = {2022}
}
@article{Herndon2014,
 author = {Thomas Herndon and Michael Ash and Robert Pollin},
 title = {Does High Public Debt Consistently Stifle Economic Growth? A Critique of Reinhart and Rogoff},
 journal = {Cambridge Journal of Economics},
 number = {2},
 pages = {257--279},
 volume = {38},
 year = {2014}
}
@article{King1985,
 author = {Robert King and Charles Plosser},
 title = {Money, Deficits, and Inflation},
 journal = {Carnegie-Rochester Conference Series},
 volume = {22},
 number = {},
 pages = {147--195},
 year = {1985}
}
@article{Kumhof2015,
	author = {Michael Kumhof and Romain Rancière and Pablo Winant},
	journal = {The American Economic Review},
	number = {3},
	pages = {1217--1245},
	title = {Inequality, Leverage, and Crises},
	urldate = {2022-12-29},
	volume = {105},
	year = {2015}
}
@article{Leeper91,
 author = {E. Leeper},
 title = {Equilibria under 'Active' and 'Passive' Monetary and Fiscal Policies},
 journal = {Journal of Monetary Econoimcs},
 volume = {27},
 number = {1},
 pages = {1229--147},
 year = {1991}
}
@Article{Marchionne2015,
  author={F Marchionne and S Parekh},
  title={{Growth, Debt, and Inequality}},
  journal={Economic Issues Journal Articles},
  volume={20},
  number={2},
  pages={67-94},
  year={2015}
}
@inbook {Mankiw1999,
	author = {N.G. Mankiw and Douglas Elmendorf},
	title = {Government Debt},
	booktitle = {Handbook of Macroeconomics},
	publisher = {North Holland},
	pages = {1615-1669},
	editor = {(J. B. Taylor and M. Woodford},
	year = {1999}
}
@article{Mason2014,
	author = {J. W. Mason and Arjun Jayadev},
	journal = {American Economic Journal: Macroeconomics},
	number = {3},
	pages = {214--234},
	title = {"Fisher Dynamics" in US Household Debt, 1929-2011},
	urldate = {2022-12-29},
	volume = {6},
	year = {2014}
}
@article{Modigliani61,
 author = {Franco Modigliani},
 title = {Long-Run Implications of Alternative Fiscal Policies and the Burden of the National Debt},
 journal = {The Economic Journal},
 number = {284},
 pages = {730--755},
 volume = {71},
 year = {1961}
}
@article{Protopapadakis87,
	author = {Aris A Protopapadakis and Jeremy J Siegel},
	title = {Are Money Growth and Inflation Related to Government Deficits? Evidence from Ten Industrialized Economies},
	journal = {Journal of International Money and Finance},
	volume = {6},
	number = {1},
	pages = {31-48},
	year = {1987}
}
@Article{Reinhart2010,
Author = {Reinhart, Carmen M. and Rogoff, Kenneth S.},
Title = {Growth in a Time of Debt},
Journal = {American Economic Review},
Volume = {100},
Number = {2},
Pages = {573-78},
Year = {2010}
}
@Article{Reinhart2011,
author = {Carmen M. Reinhart and Kenneth S. Rogoff},
title = {From Financial Crash to Debt Crisis},
journal = {American Economic Review},
volume = {101},
number = {5},
pages = {1676-1706},
year = {2011}
}
@Article{Reinhart2012,
author = {Reinhart, Carmen M. and Reinhart, Vincent R. and Rogoff, Kenneth S.},
title = {Public Debt Overhangs: Advanced-Economy Episodes since 1800},
journal = {Journal of Economic Perspectives},
volume = {26},
number = {3},
pages = {69-86},
year = {2012}
}
@article{Reis2022,
	author = {Ricardo Reis},
	title = {Debt Revenue and the Sustainability of Public Debt},
	journal = {Journal of Economic Perspectives},
	volume = {36},
	numuber = {4},
	pages = {103-124},
	year = {2022}
}
@article{Romer2018,
author = {Romer, Christina D. and Romer, David H.},
title = {Phillips Lecture – Why Some Times Are Different: Macroeconomic Policy and the Aftermath of Financial Crises},
journal = {Economica},
volume = {85},
number = {337},
pages = {1-40},
year = {2018}
}
@Article{Saint-Paul91,
author = {G. Saint-Paul},
title = {Fiscal Policy in an Endogenous Growth Model},
journal = {The Quarterly Journal of Economics},
volume = {107},
issue  = {4},
pages = {1243-1259},
year = {1991}
}
@Article{Sargent81,
	author={Thomas J. Sargent and Neil Wallace},
	title={Some Unpleasant Monetarist Arithmetic},
	journal={Quarterly Review},
	volume={5},
	number={Fall},
	pages={1-17},
	year={1981}
}
@article{Traum2015,
Author = {Traum, Nora and Shu-Chun S. Yang},
Title = {When Does Government Debt Crowd Out Investment?},
Journal = {Journal of Applied Econometrics},
Volume = {30},
Number = {2},
Pages = {24-45},
Year = {2015}
}
@article{Yared2019,
Author = {Yared, Pierre},
Title = {Rising Government Debt: Causes and Solutions for a Decades-Old Trend},
Journal = {Journal of Economic Perspectives},
Volume = {33},
Number = {2},
Month = {May},
Pages = {115-40},
Year = {2019}
}
@article{Woo2015,
 author = {Jaejoon Woo and Manmohan S. Kumar},
 title = {Public Debt and Growth},
 journal = {Economica},
 number = {328},
 pages = {705--739},
 volume = {82},
 year = {2015}
}
